@book{fiedler1994caos,
  title={Caos: uma introdu{\c{c}}{\~a}o},
  author={Fiedler-Ferrara, Nelson and do Prado, Carmen P Cintra},
  year={1994},
  publisher={Editora Blucher}
}

@book{principe2000neural,
  title={Neural and adaptive systems: fundamentals through simulations},
  author={Principe, Jose C and Euliano, Neil R and Lefebvre, W Curt},
  volume={672},
  year={2000},
  publisher={Wiley New York}
}

@book{geron2019hands,
  title={Hands-on machine learning with Scikit-Learn, Keras, and TensorFlow: Concepts, tools, and techniques to build intelligent systems},
  author={G{\'e}ron, Aur{\'e}lien},
  year={2019},
  publisher={O'Reilly Media}
}

@book{box2015time,
  title={Time series analysis: forecasting and control},
  author={Box, George EP and Jenkins, Gwilym M and Reinsel, Gregory C and Ljung, Greta M},
  year={2015},
  publisher={John Wiley \& Sons}
}

@book{haykin2010neural,
  title={Neural networks and learning machines, 3/E},
  author={Haykin, Simon},
  year={2010},
  publisher={Pearson Education India}
}

@article{rosenblatt1958perceptron,
  title={The perceptron: a probabilistic model for information storage and organization in the brain.},
  author={Rosenblatt, Frank},
  journal={Psychological review},
  volume={65},
  number={6},
  pages={386},
  year={1958},
  publisher={American Psychological Association}
}

@article{cybenko1989approximation,
  title={Approximation by superpositions of a sigmoidal function},
  author={Cybenko, George},
  journal={Mathematics of control, signals and systems},
  volume={2},
  number={4},
  pages={303--314},
  year={1989},
  publisher={Springer}
}

@article{greff2016lstm,
  title={LSTM: A search space odyssey},
  author={Greff, Klaus and Srivastava, Rupesh K and Koutn{\'\i}k, Jan and Steunebrink, Bas R and Schmidhuber, J{\"u}rgen},
  journal={IEEE transactions on neural networks and learning systems},
  volume={28},
  number={10},
  pages={2222--2232},
  year={2016},
  publisher={IEEE}
}

@article{hochreiter1997long,
  title={Long short-term memory},
  author={Hochreiter, Sepp and Schmidhuber, J{\"u}rgen},
  journal={Neural computation},
  volume={9},
  number={8},
  pages={1735--1780},
  year={1997},
  publisher={MIT Press}
}

@article{connor1994recurrent,
  title={Recurrent neural networks and robust time series prediction},
  author={Connor, Jerome T and Martin, R Douglas and Atlas, Les E},
  journal={IEEE transactions on neural networks},
  volume={5},
  number={2},
  pages={240--254},
  year={1994},
  publisher={IEEE}
}

@MASTERSTHESIS {attux2001dinamica,
    author  = "Romis Ribeiro de Faissol Attux",
    title   = "Sobre dinâmica caótica e convergência em algoritmos de equalização autodidata",
    school  = "Universidade Estadual de Campinas, Faculdade de Engenharia Elétrica e de Computação",
    year    = "2001", 
    type    = "Dissertação (mestrado)",
    address = "Campinas, SP"
}

@PHDTHESIS{boccato2013novas,
  title={Novas propostas e aplica{\c{c}}{\~o}es de redes neurais com estados de eco},
  author={Boccato, Levy and others},
  school  = "Universidade Estadual de Campinas, Faculdade de Engenharia Elétrica e de Computação",
  year={2013},
  type = "Tese (doutorado)",
  address = "Campinas, SP"
}


@incollection{milnor1985concept,
  title={On the concept of attractor},
  author={Milnor, John},
  booktitle={The theory of chaotic attractors},
  pages={243--264},
  year={1985},
  publisher={Springer}
}

@article{ruelle1971nature,
  title={On the nature of turbulence},
  author={Ruelle, David and Takens, Floris},
  journal={Les rencontres physiciens-math{\'e}maticiens de Strasbourg-RCP25},
  volume={12},
  pages={1--44},
  year={1971}
}

@book{bishop2006pattern,
  title={Pattern recognition and machine learning},
  author={Bishop, Christopher M},
  year={2006},
  publisher={springer}
}

@book{hastie2009elements,
  title={The elements of statistical learning: data mining, inference, and prediction},
  author={Hastie, Trevor and Tibshirani, Robert and Friedman, Jerome},
  year={2009},
  publisher={Springer Science \& Business Media}
}

@incollection{henon1976two,
  title={A two-dimensional mapping with a strange attractor},
  author={H{\'e}non, Michel},
  booktitle={The Theory of Chaotic Attractors},
  pages={94--102},
  year={1976},
  publisher={Springer}
}

@article{may2004simple,
  title={Simple mathematical models with very complicated dynamics},
  author={May, Robert M},
  journal={The Theory of Chaotic Attractors},
  pages={85--93},
  year={2004},
  publisher={Springer}
}

@article{mackey1977oscillation,
  title={Oscillation and chaos in physiological control systems},
  author={Mackey, Michael C and Glass, Leon},
  journal={Science},
  volume={197},
  number={4300},
  pages={287--289},
  year={1977},
  publisher={American Association for the Advancement of Science}
}

@book{haykin2008adaptive,
  title={Adaptive filter theory},
  author={Haykin, Simon S},
  year={2008},
  publisher={Pearson Education India}
}

@book{oppenheim2014signals,
   title =     {Signals \& Systems},
   author =    {Alan V. Oppenheim, Alan S. Willsky, with S. Hamid},
   publisher = {Prentice Hall},
   isbn =      {0138147574,9780138147570,7302030583},
   year =      {1996},
   series =    {},
   edition =   {2},
   volume =    {}
}

@article{jaeger2004harnessing,
  title={Harnessing nonlinearity: Predicting chaotic systems and saving energy in wireless communication},
  author={Jaeger, Herbert and Haas, Harald},
  journal={science},
  volume={304},
  number={5667},
  pages={78--80},
  year={2004},
  publisher={American Association for the Advancement of Science}
}

@article{jaeger2007echo,
  title={Echo state network},
  author={Jaeger, Herbert},
  journal={scholarpedia},
  volume={2},
  number={9},
  pages={2330},
  year={2007}
}

@article{hornik1989multilayer,
  title={Multilayer feedforward networks are universal approximators},
  author={Hornik, Kurt and Stinchcombe, Maxwell and White, Halbert},
  journal={Neural networks},
  volume={2},
  number={5},
  pages={359--366},
  year={1989},
  publisher={Elsevier}
}

@article{dozat2016incorporating,
  title={Incorporating nesterov momentum into adam},
  author={Dozat, Timothy},
  year={2016}
}

