@book{fiedler1994caos,
  title={Caos: uma introdu{\c{c}}{\~a}o},
  author={Fiedler-Ferrara, Nelson and do Prado, Carmen P Cintra},
  year={1994},
  publisher={Editora Blucher}
}

@book{principe2000neural,
  title={Neural and adaptive systems: fundamentals through simulations},
  author={Principe, Jose C and Euliano, Neil R and Lefebvre, W Curt},
  volume={672},
  year={2000},
  publisher={Wiley New York}
}

@book{geron2019hands,
  title={Hands-on machine learning with Scikit-Learn, Keras, and TensorFlow: Concepts, tools, and techniques to build intelligent systems},
  author={G{\'e}ron, Aur{\'e}lien},
  year={2019},
  publisher={O'Reilly Media}
}

@book{box2015time,
  title={Time series analysis: forecasting and control},
  author={Box, George EP and Jenkins, Gwilym M and Reinsel, Gregory C and Ljung, Greta M},
  year={2015},
  publisher={John Wiley \& Sons}
}

@book{haykin2010neural,
  title={Neural networks and learning machines, 3/E},
  author={Haykin, Simon},
  year={2010},
  publisher={Pearson Education India}
}

@article{rosenblatt1958perceptron,
  title={The perceptron: a probabilistic model for information storage and organization in the brain.},
  author={Rosenblatt, Frank},
  journal={Psychological review},
  volume={65},
  number={6},
  pages={386},
  year={1958},
  publisher={American Psychological Association}
}

@article{cybenko1989approximation,
  title={Approximation by superpositions of a sigmoidal function},
  author={Cybenko, George},
  journal={Mathematics of control, signals and systems},
  volume={2},
  number={4},
  pages={303--314},
  year={1989},
  publisher={Springer}
}

@article{greff2016lstm,
  title={LSTM: A search space odyssey},
  author={Greff, Klaus and Srivastava, Rupesh K and Koutn{\'\i}k, Jan and Steunebrink, Bas R and Schmidhuber, J{\"u}rgen},
  journal={IEEE transactions on neural networks and learning systems},
  volume={28},
  number={10},
  pages={2222--2232},
  year={2016},
  publisher={IEEE}
}

@article{hochreiter1997long,
  title={Long short-term memory},
  author={Hochreiter, Sepp and Schmidhuber, J{\"u}rgen},
  journal={Neural computation},
  volume={9},
  number={8},
  pages={1735--1780},
  year={1997},
  publisher={MIT Press}
}

@article{connor1994recurrent,
  title={Recurrent neural networks and robust time series prediction},
  author={Connor, Jerome T and Martin, R Douglas and Atlas, Les E},
  journal={IEEE transactions on neural networks},
  volume={5},
  number={2},
  pages={240--254},
  year={1994},
  publisher={IEEE}
}

@MASTERSTHESIS {attux2001dinamica,
    author  = "Romis Ribeiro de Faissol Attux",
    title   = "Sobre dinâmica caótica e convergência em algoritmos de equalização autodidata",
    school  = "Universidade Estadual de Campinas, Faculdade de Engenharia Elétrica e de Computação",
    year    = "2001", 
    type    = "Dissertação (mestrado)",
    address = "Campinas, SP"
}

@PHDTHESIS{boccato2013novas,
  title={Novas propostas e aplica{\c{c}}{\~o}es de redes neurais com estados de eco},
  author={Boccato, Levy},
  school  = "Universidade Estadual de Campinas, Faculdade de Engenharia Elétrica e de Computação",
  year={2013},
  type = "Tese (doutorado)",
  address = "Campinas, SP"
}


@incollection{milnor1985concept,
  title={On the concept of attractor},
  author={Milnor, John},
  booktitle={The theory of chaotic attractors},
  pages={243--264},
  year={1985},
  publisher={Springer}
}

@article{ruelle1971nature,
  title={On the nature of turbulence},
  author={Ruelle, David and Takens, Floris},
  journal={Les rencontres physiciens-math{\'e}maticiens de Strasbourg-RCP25},
  volume={12},
  pages={1--44},
  year={1971}
}

@book{bishop2006pattern,
  title={Pattern recognition and machine learning},
  author={Bishop, Christopher M},
  year={2006},
  publisher={springer}
}

@book{hastie2009elements,
  title={The elements of statistical learning: data mining, inference, and prediction},
  author={Hastie, Trevor and Tibshirani, Robert and Friedman, Jerome},
  year={2009},
  publisher={Springer Science \& Business Media}
}


@article{henon1976two,
  author = {H{\'e}non, Michel},
  comment = {10.1007/BF01608556},
  description = {Lorenz (1963) has investigated a system of three first-order differential equations, whose solutions tend toward a “strange attractor”. We show that the same properties can be observed in a simple mapping of the plane defined by:xi+1=yi+1−axi2,yi+1=bxi. Numerical experiments are carried out fora=1.4,b=0.3. Depending on the initial point (x0,y0), the sequence of points obtained by iteration of the mapping either diverges to infinity or tends to a strange attractor, which appears to be the product of a one-dimensional manifold by a Cantor set.},
  journal = {Communications in Mathematical Physics},
  month = {feb},
  number = 1,
  pages = {69--77},
  title = {A two-dimensional mapping with a strange attractor},
  url = {https://doi.org/10.1007/BF01608556},
  volume = 50,
  year = 1976
}


@article{may1976simple,
  author = {May, Robert M.},
  biburl = {https://www.bibsonomy.org/bibtex/2051a5bef5e34ea8959f6319e4a4c3222/peter.ralph},
  comment = {10.1038/261459a0},
  description = {Simple mathematical models with very complicated dynamics},
  interhash = {2baf617d8554e1a7252a20dc85a262e2},
  intrahash = {051a5bef5e34ea8959f6319e4a4c3222},
  journal = {Nature},
  keywords = {difference_equations discrete_time logistic_growth population_dynamics},
  month = {jun},
  number = 5560,
  pages = {459--467},
  timestamp = {2008-10-06T22:46:04.000+0200},
  title = {Simple mathematical models with very complicated dynamics},
  url = {http://dx.doi.org/10.1038/261459a0},
  volume = 261,
  year = 1976
}


@article{mackey1977oscillation,
  title={Oscillation and chaos in physiological control systems},
  author={Mackey, Michael C and Glass, Leon},
  journal={Science},
  volume={197},
  number={4300},
  pages={287--289},
  year={1977},
  publisher={American Association for the Advancement of Science}
}

@book{haykin2008adaptive,
  title={Adaptive filter theory},
  author={Haykin, Simon S},
  year={2008},
  publisher={Pearson Education India}
}

@book{oppenheim2014signals,
   title =     {Signals \& Systems},
   author =    {Oppenheim, Alan V. and Willsky, Alan S. and Hamid, S.},
   publisher = {Prentice Hall},
   isbn =      {0138147574,9780138147570,7302030583},
   year =      {1996},
   series =    {},
   edition =   {2},
   volume =    {}
}

@article{jaeger2004harnessing,
  title={Harnessing nonlinearity: Predicting chaotic systems and saving energy in wireless communication},
  author={Jaeger, Herbert and Haas, Harald},
  journal={science},
  volume={304},
  number={5667},
  pages={78--80},
  year={2004},
  publisher={American Association for the Advancement of Science}
}

@article{jaeger2007echo,
  title={Echo state network},
  author={Jaeger, Herbert},
  journal={scholarpedia},
  volume={2},
  number={9},
  pages={2330},
  year={2007}
}

@article{hornik1989multilayer,
  title={Multilayer feedforward networks are universal approximators},
  author={Hornik, Kurt and Stinchcombe, Maxwell and White, Halbert},
  journal={Neural networks},
  volume={2},
  number={5},
  pages={359--366},
  year={1989},
  publisher={Elsevier}
}

@inproceedings{dozat2016incorporating,
  title={Incorporating nesterov momentum into adam},
  author={Dozat, Timothy},
  year={2016}
}

@article{lorenz1963deterministic,
  title={Deterministic nonperiodic flow},
  author={Lorenz, Edward N},
  journal={Journal of atmospheric sciences},
  volume={20},
  number={2},
  pages={130--141},
  year={1963}
}

@article{nesterov1983method,
author="Nesterov, Y. E.",
title="A method for solving the convex programming problem with convergence rate $\text{\it{\uppercase{O}} }(1/k^2)$",
journal="Dokl. Akad. Nauk SSSR",
ISSN="",
publisher="",
year="1983",
month="",
volume="269",
number="",
pages="543-547",
URL="https://ci.nii.ac.jp/naid/10029946121/en/",
DOI="",
}

@article{cho2014learning,
  title={Learning phrase representations using RNN encoder-decoder for statistical machine translation},
  author={Cho, Kyunghyun and Van Merri{\"e}nboer, Bart and Gulcehre, Caglar and Bahdanau, Dzmitry and Bougares, Fethi and Schwenk, Holger and Bengio, Yoshua},
  journal={arXiv preprint arXiv:1406.1078},
  year={2014}
}

@book{kluever2020dynamic,
  title={Dynamic systems: modeling, simulation, and control},
  author={Kluever, Craig A},
  year={2020},
  publisher={John Wiley \& Sons}
}

@book{gleick1998chaos,
  title={Chaos: The amazing science of the unpredictable},
  author={Gleick, James},
  year={1998},
  publisher={Vintage Publishing}
}


@book{geromel2019analise,
  title={Análise linear de sistemas dinâmicos: teoria, ensaios práticos e exercícios},
  author={Geromel, José C and Palhares, Alvaro GB},
  year={2019},
  publisher={Editora Blucher}
}

@article{shannon1948mathematical,
  title={A mathematical theory of communication},
  author={Shannon, Claude Elwood},
  journal={The Bell system technical journal},
  volume={27},
  number={3},
  pages={379--423},
  year={1948},
  publisher={Nokia Bell Labs}
}

@article{mandelbrot1967long,
  title={How long is the coast of Britain? Statistical self-similarity and fractional dimension},
  author={Mandelbrot, Benoit},
  journal={science},
  volume={156},
  number={3775},
  pages={636--638},
  year={1967},
  publisher={American Association for the Advancement of Science}
}

@article{ruelle1980strange,
  title={Strange attractors},
  author={Ruelle, David},
  year={1980}
}

@book{guckenheimer2013nonlinear,
  title={Nonlinear oscillations, dynamical systems, and bifurcations of vector fields},
  author={Guckenheimer, John and Holmes, Philip},
  volume={42},
  year={2013},
  publisher={Springer Science \& Business Media}
}

@article{lu2018attractor,
  title={Attractor reconstruction by machine learning},
  author={Lu, Zhixin and Hunt, Brian R and Ott, Edward},
  journal={Chaos: An Interdisciplinary Journal of Nonlinear Science},
  volume={28},
  number={6},
  pages={061104},
  year={2018},
  publisher={AIP Publishing LLC}
}

@article{packard1980geometry,
  title={Geometry from a time series},
  author={Packard, Norman H and Crutchfield, James P and Farmer, J Doyne and Shaw, Robert S},
  journal={Physical review letters},
  volume={45},
  number={9},
  pages={712},
  year={1980},
  publisher={APS}
}

@article{doya1992bifurcations,
  title={Bifurcations in the learning of recurrent neural networks 3},
  author={Doya, Kenji and others},
  journal={learning (RTRL)},
  volume={3},
  pages={17},
  year={1992},
  publisher={Citeseer}
}
