@PHDTHESIS {attux2005novos,
    author  = "Romis Ribeiro de Faissol Attux",
    title   = "Novos paradigmas para equalização e identificação de canais baseados em estruturas não-lineares e algoritmos evolutivos",
    school  = "Universidade Estadual de Campinas, Faculdade de Engenharia Elétrica e de Computação",
    year    = "2005", 
    type    = "Tese (doutorado)",
    address = "Campinas, SP"
}

@PHDTHESIS {boccato2013novas,
    author  = "Levy Boccato",
    title   = "Novas Propostas e Aplicações de Redes Neurais com Estados de Eco",
    school  = "Universidade Estadual de Campinas, Faculdade de Engenharia Elétrica e de Computação",
    year    = "2013", 
    type    = "Tese (doutorado)",
    address = "Campinas, SP"
}

@book{bishop2006pattern,
  title={Pattern recognition and machine learning},
  author={Bishop, Christopher M},
  year={2006},
  publisher={springer}
}

@article{cho2014learning,
  title={Learning phrase representations using RNN encoder-decoder for statistical machine translation},
  author={Cho, Kyunghyun and Van Merriënboer, Bart and Gulcehre, Caglar and Bahdanau, Dzmitry and Bougares, Fethi and Schwenk, Holger and Bengio, Yoshua},
  journal={arXiv preprint arXiv:1406.1078},
  year={2014}
}

@article{connor1994recurrent,
  title={Recurrent neural networks and robust time series prediction},
  author={Connor, Jerome T and Martin, R Douglas and Atlas, Les E},
  journal={IEEE transactions on neural networks},
  volume={5},
  number={2},
  pages={240--254},
  year={1994},
  publisher={IEEE}
}

@article{erdogmus2006linear,
  title={From linear adaptive filtering to nonlinear information processing-the design and analysis of information processing systems},
  author={Erdogmus, Deniz and Principe, Jose C},
  journal={IEEE Signal Processing Magazine},
  volume={23},
  number={6},
  pages={14--33},
  year={2006},
  publisher={IEEE}
}

@book{geron2019hands,
  title={Hands-on machine learning with Scikit-Learn, Keras, and TensorFlow: Concepts, tools, and techniques to build intelligent systems},
  author={G{\'e}ron, Aur{\'e}lien},
  year={2019},
  publisher={O'Reilly Media}
}

@article{greff2016lstm,
  title={LSTM: A search space odyssey},
  author={Greff, Klaus and Srivastava, Rupesh K and Koutn{\'\i}k, Jan and Steunebrink, Bas R and Schmidhuber, J{\"u}rgen},
  journal={IEEE transactions on neural networks and learning systems},
  volume={28},
  number={10},
  pages={2222--2232},
  year={2016},
  publisher={IEEE}
}

@article{guyon2003introduction,
  title={An introduction to variable and feature selection},
  author={Guyon, Isabelle and Elisseeff, Andr{\'e}},
  journal={Journal of machine learning research},
  volume={3},
  number={Mar},
  pages={1157--1182},
  year={2003}
}

@book{haykin2010neural,
  title={Neural networks and learning machines, 3/E},
  author={Haykin, Simon},
  year={2010},
  publisher={Pearson Education India}
}

@book{haykin2008adaptive,
  title={Adaptive filter theory},
  author={Haykin, Simon S},
  year={2008},
  publisher={Pearson Education India}
}

@book{oppenheim1996signals,
   title =     {Signals and Systems },
   author =    {Alan V. Oppenheim, Alan S. Willsky with S. Hamid},
   publisher = {Prentice Hall},
   isbn =      {0138147574,9780138147570,7302030583},
   year =      {1996},
   series =    {},
   edition =   {2},
   volume =    {},
}

@book{principe2000neural,
  title={Neural and adaptive systems: fundamentals through simulations},
  author={Principe, Jose C and Euliano, Neil R and Lefebvre, W Curt},
  volume={672},
  year={2000},
  publisher={Wiley New York}
}

@book{romano2018unsupervised,
  title={Unsupervised signal processing: channel equalization and source separation},
  author={Romano, João Marcos Travassos and Attux, Romis and Cavalcante, Charles Casimiro and Suyama, Ricardo},
  year={2018},
  publisher={CRC Press}
}
