@BOOK{Haykin,
    title = {Adaptive filter theory},
    publisher = {Prentice Hall},
    year = {2013},
    author = {S. Haykin},
    edition = {5th},
}

@BOOK{Box-Jenkins,
    title = {Time Series Analysis: Forecasting and Control},
    publisher = {Wiley},
    year = {2015},
    author = {G. E. P. Box and G. M. Jenkins and G. C. Reinsel and G. M. Ljung},
    edition = {5th},
}

@BOOK{Geron,
    title = {Hands-On Machine Learning with Scikit-Learn, Keras, and TensorFlow},
    publisher = {O’Reilly Media, Inc.},
    year = {2019},
    author = {Aurélien Géron},
    edition = {2nd},
}

@ARTICLE{LSTM,
    author={K. {Greff} and R. K. {Srivastava} and J. {Koutník} and B. R. {Steunebrink} and J. {Schmidhuber}},
    journal={IEEE Transactions on Neural Networks and Learning Systems},
    title={ {LSTM}: A {S}earch {S}pace {O}dyssey},
    year={2017},
    volume={28},
    number={10},
    pages={2222-2232},
}

@Book{HaykinNN,
    author = {S. Haykin},
    title = {Neural Networks and Learning Machines},
    publisher = {Pearson},
    year = {2008},
    edition = {3rd},
}

@Book{Bengio,
    author = {I. Goodfellow and Y. Bengio and A. Courville},
    title = {Deep Learning},
    publisher = {M{I}{T} Press},
    year = {2016},
}

@article{GRU1,
    author = {K. Cho and B. {van Merrienboer} and C. Gulcehre and D. Bahdanau and F. Bougares and H. Schwenk and Y. Bengio},
    title = {Learning Phrase Representations using RNN Encoder-Decoder for Statistical Machine Translation},
    journal = {arXiv:1406.1078v3 [cs.CL]},
    year = {2014},
}

@article{GRU2,
    author = {J. Chung and C. Gulcehre and K. Cho and Y. Bengio},
    title = {Empirical Evaluation of Gated Recurrent Neural Networks on Sequence Modeling},
    journal = {arXiv:1412.3555 [cs.NE]},
    year = {2014},
}

@Book{Vaidyanathan,
    author = {P. P. Vaidyanathan},
    title = {The Theory of Linear Prediction},
    publisher = {Morgan and Claypool Publishers},
    year = {2008},
}

@Phdthesis{Thomas2018,
    title = {Modelagem de séries temporais não-estacionárias através de um modelo ARMA multimomental baseado em misturas de componentes normais},
    author = {T. M. Bartlett},
    school = {Faculdade de Engenharia Elétrica e de Computação, UNICAMP},
    year = {2018},
    type = {Tese de Doutorado},
}

@Phdthesis{Levy2010,
    title = {Aplicação de Computação Natural ao Problema de Estimação de Direção de Chegada},
    author = {Levy Boccato},
    school = {Faculdade de Engenharia Elétrica e de Computação, UNICAMP},
    year = {2010},
    type = {Dissertação de Mestrado},
}

@Phdthesis{Levy2013,
    title = {Novas propostas e aplicações de redes neurais com estados de eco},
    author = {Levy Boccato},
    school = {Faculdade de Engenharia Elétrica e de Computação, UNICAMP},
    year = {2013},
    type = {Tese de doutorado},
}

@Phdthesis{Marinho,
    author = {M. H. N. Marinho},
    title = {Previsão de Vazões Afluentes Vários Passos à Frente Via Agregação de Vazões para o Planejamento Energético da Operação de Sistemas Hidrotérmicos de Potência},
    school = {Faculdade de Engenharia Elétrica e de Computação, UNICAMP},
    year = {2005},
    type = {Tese de Doutorado},
}

@BOOK{leandro,
	author = {Leandro N. {de Castro} and Jonathan Timmis},
	year = {2002},
	title = {Artificial Immune Systems: A New Computational Intelligence Approach},
	publisher = {Springer},
	address = {London, Great Britain}
}

@BOOK{bishop,
	author = {Christopher M. Bishop},
	year = {2011},
	title = {Pattern Recognition and Machine Learning},
	publisher = {Springer},
	address = {Cambridge, United Kingdom}
}

@BOOK{LeandroBook,
	author = {L. N. {de Castro}},
	year = {2006},
	title = {Fundamentals of Natural Computing: Basic Concepts, Algorithms and Applications},
	publisher = {Chapman \& Hall/CRC},
}

@BOOK{Back2000a,
  author = {T. Bäck and D.B. Fogel and Z. Michalewicz},
  year = {2000},
  title = {Evolutionary Computation 1: Basic Algorithms and Operators},
  publisher = {Institute of Physics Publishing},
  address = {Bristol, UK},
}

@BOOK{Back2000b,
  author = {T. Bäck and D.B. Fogel and Z. Michalewicz},
  year = {2000},
  title = {Evolutionary Computation 2: Advanced Algorithms and Operators},
  publisher = {Institute of Physics Publishing},
  address = {Bristol, UK},
}

@BOOK{holland,
  author = {John H. Holland},
  year = {1975},
  title = {Adaptation in natural and artificial systems.},
  publisher = {University of Michigan Press.},
}

@article{goldberg,
  author = {D. E. Goldberg and J. Richardson},
  title = {Genetic algorithms with sharing for multimodal function optimization},
  journal = {2nd Int. Conf. on Genetic Algorithms},
  year = {1987},
}

@Mastersthesis{valadao,
    title = {Previsão de Séries de Vazões com Redes Neurais Artificiais e Modelos Lineares Ajustados por Algoritmos Bio-Inspirados},
    author = {Hugo Valadares Siqueira},
    school = {Faculdade de Engenharia Elétrica e de Computação, UNICAMP},
    year = {2009},
    type = {Dissertação de Mestrado},
}

@article{makridakis,
    author = {Makridakis, Spyros AND Spiliotis, Evangelos AND Assimakopoulos, Vassilios},
    journal = {PLOS ONE},
    publisher = {Public Library of Science},
    title = {Statistical and Machine Learning forecasting methods: Concerns and ways forward},
    year = {2018},
    month = {03},
    volume = {13},
    pages = {1-26},
    abstract = {Machine Learning (ML) methods have been proposed in the academic literature as alternatives to statistical ones for time series forecasting. Yet, scant evidence is available about their relative performance in terms of accuracy and computational requirements. The purpose of this paper is to evaluate such performance across multiple forecasting horizons using a large subset of 1045 monthly time series used in the M3 Competition. After comparing the post-sample accuracy of popular ML methods with that of eight traditional statistical ones, we found that the former are dominated across both accuracy measures used and for all forecasting horizons examined. Moreover, we observed that their computational requirements are considerably greater than those of statistical methods. The paper discusses the results, explains why the accuracy of ML models is below that of statistical ones and proposes some possible ways forward. The empirical results found in our research stress the need for objective and unbiased ways to test the performance of forecasting methods that can be achieved through sizable and open competitions allowing meaningful comparisons and definite conclusions.},
    number = {3},
}

@ARTICLE{Liang,
    author={H. Liang and B. Y. Tsui and H. Ni},
    journal={Nat {M}ed},
    title={Evaluation and accurate diagnoses of pediatric diseases using artificial intelligence},
    year={2019},
    volume={25},
    pages={433-438},
}

@ARTICLE{Ardila,
    author={D. Ardila AND A. P. Kiraly AND S. Bharadwaj},
    journal={Nat {M}ed},
    title={End-to-end lung cancer screening with three-dimensional deep learning on low-dose chest computed tomography},
    year={2019},
    volume={25},
    pages={954-961},
    url = {https://doi.org/10.1038/s41591-019-0447-x},
}